<?xml version="1.0" encoding="UTF-8"?><collection xmlns="http://www.loc.gov/MARC21/slim"><record><leader>00376nam--2200109-i-4500</leader><controlfield tag="001">000004363</controlfield><controlfield tag="002">20161230</controlfield><controlfield tag="005">20161230201025</controlfield><controlfield tag="008">060222s1000------------r-----000-0-eng-d</controlfield><datafield ind1=" " ind2=" " tag="245"><subfield code="a">Cours sur la protection contre les radiations ionisantes professes au centre d etudes nucleaires de saclay du 19 nov.au 14 dec.,1956</subfield></datafield><datafield ind1=" " ind2=" " tag="260"><subfield code="a">London, Paris, Pergamon Press, 1958</subfield></datafield><datafield ind1=" " ind2=" " tag="490"><subfield code="a">Xiii+435p</subfield></datafield></record></collection>